@article{linguistics,
  author =       "Rahul Kumar and Aditya Mandalika and Sanjiban Choudhury and Siddhartha Srinivasa",
  title =        "LEGO: Leveraging Experience in Roadmap Generation for Sampling-Based Planning",
  journal =      "Intelligent Robots and Systems, IROS, IEEE/RSJ International Conference",
  year =         "2019",
  DOI =          "https://arxiv.org/pdf/1907.09574.pdf"
}